%proposal

%hassan ref

@article{hachtel1996markovian,
  title={Markovian analysis of large finite state machines},
  author={Hachtel, Gary D and Macii, Enrico and Pardo, Abelardo and Somenzi, Fabio},
  journal={IEEE Transactions on Computer-Aided Design of Integrated Circuits and Systems},
  volume={15},
  number={12},
  pages={1479--1493},
  year={1996},
  publisher={IEEE}
}

@article{leggetter1995maximum,
  title={Maximum likelihood linear regression for speaker adaptation of continuous density hidden Markov models},
  author={Leggetter, Christopher J and Woodland, Philip C},
  journal={Computer Speech \& Language},
  volume={9},
  number={2},
  pages={171--185},
  year={1995},
  publisher={Elsevier}
}


@inproceedings{hayne1999behavioral,
  title={Behavioral fault modeling in a VHDL synthesis environment},
  author={Hayne, Ronald J and Johnson, Barry W},
  booktitle={VLSI Test Symposium, 1999. Proceedings. 17th IEEE},
  pages={333--340},
  year={1999},
  organization={IEEE}
}

@article{moon1996expectation,
  title={The expectation-maximization algorithm},
  author={Moon, Todd K},
  journal={IEEE Signal processing magazine},
  volume={13},
  number={6},
  pages={47--60},
  year={1996},
  publisher={IEEE}
}


@inproceedings{ghahramani1996factorial,
  title={Factorial hidden Markov models},
  author={Ghahramani, Zoubin and Jordan, Michael I},
  booktitle={Advances in Neural Information Processing Systems},
  pages={472--478},
  year={1996}
}
@article{forney1973viterbi,
  title={The viterbi algorithm},
  author={Forney, G David},
  journal={Proceedings of the IEEE},
  volume={61},
  number={3},
  pages={268--278},
  year={1973},
  publisher={IEEE}
}



@inproceedings{svenningsson2010model,
  title={Model-implemented fault injection for hardware fault simulation},
  author={Svenningsson, Rickard and Eriksson, Henrik and Vinter, Jonny and T{\"o}rngren, Martin},
  booktitle={Model-Driven Engineering, Verification, and Validation (MoDeVVa), 2010 Workshop on},
  pages={31--36},
  year={2010},
  organization={IEEE}
}


@article{miskov2010multiple,
  title={Multiple transient faults in combinational and sequential circuits: A systematic approach},
  author={Miskov-Zivanov, Natasa and Marculescu, Diana},
  journal={IEEE Transactions on Computer-Aided Design of Integrated Circuits and Systems},
  volume={29},
  number={10},
  pages={1614--1627},
  year={2010},
  publisher={IEEE}
}



@inproceedings{asadi2005soft,
  title={Soft error modeling and protection for sequential elements},
  author={Asadi, Hossein and Tahoori, Mehdi Baradaran},
  booktitle={Defect and Fault Tolerance in VLSI Systems, 2005. DFT 2005. 20th IEEE International Symposium on},
  pages={463--471},
  year={2005},
  organization={IEEE}
}


@inproceedings{das2007monitoring,
  title={Monitoring transient errors in sequential circuits},
  author={Das, Ramashis and Hayes, John P},
  booktitle={Asian Test Symposium, 2007. ATS'07. 16th},
  pages={319--322},
  year={2007},
  organization={IEEE}
}


@inproceedings{miskov2007mars,
  title={MARS-S: Modeling and reduction of soft errors in sequential circuits},
  author={Miskov-Zivanov, Natasa and Marculescu, Diana},
  booktitle={Quality Electronic Design, 2007. ISQED'07. 8th International Symposium on},
  pages={893--898},
  year={2007},
  organization={IEEE}
}





@book{lingasubramanian2010probabilistic,
  title={Probabilistic error analysis models for nano-domain VLSI circuits},
  author={Lingasubramanian, Karthikeyan},
  year={2010},
  publisher={University of South Florida}
}




@inproceedings{yu2010scalable,
  title={Scalable and accurate estimation of probabilistic behavior in sequential circuits},
  author={Yu, Chien-Chih and Hayes, John P},
  booktitle={VLSI Test Symposium (VTS), 2010 28th},
  pages={165--170},
  year={2010},
  organization={IEEE}
}

@phdthesis{al2010fault,
  title={Fault tolerance techniques for sequential circuits: a design level approach},
  author={Al-Qahtani, Ayed Saad},
  year={2010},
  school={King Fahd University of Petroleum and Minerals (Saudi Arabia)}
}



@phdthesis{shazli2011high,
  title={High level modeling and mitigation of transient errors in nano-scale systems},
  author={Shazli, Syed Zafar},
  year={2011},
  school={Northeastern University}
}




@inproceedings{chan2013statistical,
  title={Statistical analysis and modeling for error composition in approximate computation circuits},
  author={Chan, Wei-Ting J and Kahng, Andrew B and Kang, Seokhyeong and Kumar, Rakesh and Sartori, John},
  booktitle={Computer Design (ICCD), 2013 IEEE 31st International Conference on},
  pages={47--53},
  year={2013},
  organization={IEEE}
}


@article{brkic2014symbolic,
  title={Symbolic analysis of faulty logic circuits under correlated data-dependent gate failures},
  author={Brki{\'c}, Sr{\dj}an and Ivani{\v{s}}, Predrag and {\DJ}or{\dj}ev{\'c}, Goran and Vasi{\'c}, Bane},
  journal={Telfor Journal},
  volume={6},
  number={1},
  pages={2--6},
  year={2014}
}




@inproceedings{ranjan2014aslan,
  title={Aslan: Synthesis of approximate sequential circuits},
  author={Ranjan, Ashish and Raha, Arnab and Venkataramani, Swagath and Roy, Kaushik and Raghunathan, Anand},
  booktitle={Proceedings of the conference on Design, Automation \& Test in Europe},
  pages={364},
  year={2014},
  organization={European Design and Automation Association}
}


@phdthesis{mirzadeh2014modeling,
  title={Modeling the faulty behaviour of digital designs using a feed forward neural network based approach},
  author={Mirzadeh, Zeynab},
  year={2014},
  school={{\'E}cole de technologie sup{\'e}rieure}
}



@inproceedings{ubar2014modeling,
  title={Modeling sequential circuits with shared structurally synthesized BDDs},
  author={Ubar, Raimund and Marenkov, Mihhail and Mironov, Dmitri and Viies, Vladimir},
  booktitle={Design \& Test Symposium (IDT), 2014 9th International},
  pages={130--135},
  year={2014},
  organization={IEEE}
}


@article{ebrahimi2015comprehensive,
  title={Comprehensive analysis of sequential and combinational soft errors in an embedded processor},
  author={Ebrahimi, Mojtaba and Evans, Adrian and Tahoori, Mehdi B and Costenaro, Enrico and Alexandrescu, Dan and Chandra, Vikas and Seyyedi, Razi},
  journal={IEEE Transactions on Computer-Aided Design of Integrated Circuits and Systems},
  volume={34},
  number={10},
  pages={1586--1599},
  year={2015},
  publisher={IEEE}
}


@inproceedings{kapare2016automated,
  title={Automated error prediction for approximate sequential circuits},
  author={Kapare, Amrut and Cherupalli, Hari and Sartori, John},
  booktitle={Computer-Aided Design (ICCAD), 2016 IEEE/ACM International Conference on},
  pages={1--8},
  year={2016},
  organization={IEEE}
}


@inproceedings{li2016monte,
  title={A monte carlo simulation flow for seu analysis of sequential circuits},
  author={Li, Meng and Wang, Ye and Orshansky, Michael},
  booktitle={Proceedings of the 53rd Annual Design Automation Conference},
  pages={44},
  year={2016},
  organization={ACM}
}

@inproceedings{chen2017fault,
  title={A fault propagation modeling method based on a finite state machine},
  author={Chen, Xi and Jiao, Jian},
  booktitle={Reliability and Maintainability Symposium (RAMS), 2017 Annual},
  pages={1--7},
  year={2017},
  organization={IEEE}
}

@inproceedings{miskov2007soft,
  title={Soft error rate analysis for sequential circuits},
  author={Miskov-Zivanov, Natasa and Marculescu, Diana},
  booktitle={Proceedings of the conference on Design, automation and test in Europe},
  pages={1436--1441},
  year={2007},
  organization={EDA Consortium}
}


@inproceedings{miskov2006mars,
  title={MARS-C: modeling and reduction of soft errors in combinational circuits},
  author={Miskov-Zivanov, Natasa and Marculescu, Diana},
  booktitle={Proceedings of the 43rd annual Design Automation Conference},
  pages={767--772},
  year={2006},
  organization={ACM}
}

@article{mitra2005robust,
  title={Robust system design with built-in soft-error resilience},
  author={Mitra, Subhasish and Seifert, Norbert and Zhang, Ming and Shi, Quan and Kim, Kee Sup},
  journal={Computer},
  volume={38},
  number={2},
  pages={43--52},
  year={2005},
  publisher={IEEE}
}



@article{miskov2008modeling,
  title={Modeling and optimization for soft-error reliability of sequential circuits},
  author={Miskov-Zivanov, Natasa and Marculescu, Diana},
  journal={IEEE Transactions on Computer-Aided Design of Integrated Circuits and Systems},
  volume={27},
  number={5},
  pages={803--816},
  year={2008},
  publisher={IEEE}
}

@inproceedings{asadi2005analytical,
  title={An analytical approach for soft error rate estimation in digital circuits},
  author={Asadi, Ghazanfar and Tahoori, Mehdi Baradaran},
  booktitle={Circuits and Systems, 2005. ISCAS 2005. IEEE International Symposium on},
  pages={2991--2994},
  year={2005},
  organization={IEEE}
}


@MISC{xilinx,   
title = {Available: http://www.xilinx.com},  
author ={Xilinx}, 
year = {accessed 2017},   
}



@MISC{xilinnseu,   
title = {Available: https://www.xilinx.com/xapp1073},  
author ={Xilinx}, 
year = {accessed 2017},   
}


@MISC{ITC,   
title = {Available: http://www.cad.polito.it/downloads/tools/itc99.html},
author ={Polito}, 
year = {accessed 2017},   
}
@inproceedings{janschek2017errorsim,
  title={ErrorSim: A Tool for Error Propagation Analysis of Simulink Models},
  author={Janschek, Klaus},
  booktitle={Computer Safety, Reliability, and Security: 36th International Conference, SAFECOMP 2017, Trento, Italy, September 13-15, 2017, Proceedings},
  volume={10488},
  pages={245},
  year={2017},
  organization={Springer}
}







@inproceedings{di2014fault,
  title={A fault injection methodology and infrastructure for fast single event upsets emulation on Xilinx SRAM-based FPGAs},
  author={Di Carlo, Stefano and Prinetto, Paolo and Rolfo, Daniele and Trotta, Pascal},
  booktitle={Defect and Fault Tolerance in VLSI and Nanotechnology Systems (DFT), 2014 IEEE International Symposium on},
  pages={159--164},
  year={2014},
  organization={IEEE}}


@article{faure2005single,
  title={Single-event-upset-like fault injection: a comprehensive framework},
  author={Faure, Fabien and Velazco, Raoul and Peronnard, Paul},
  journal={IEEE Transactions on Nuclear Science},
  volume={52},
  number={6},
  pages={2205--2209},
  year={2005},
  publisher={IEEE}
}




@article{SWE2016,
author = {Tobiska, W. Kent and Atwell, William and Beck, Peter and Benton, Eric and Copeland, Kyle and Dyer, Clive and Gersey, Brad and Getley, Ian and Hands, Alex and Holland, Michael and Hong, Sunhak and Hwang, Junga and Jones, Bryn and Malone, Kathleen and Meier, Matthias M. and Mertens, Chris and Phillips, Tony and Ryden, Keith and Schwadron, Nathan and Wender, Stephen A. and Wilkins, Richard and Xapsos, Michael A.},
title = {Advances in Atmospheric Radiation Measurements and Modeling Needed to Improve Air Safety},
journal = {Space Weather},
volume = {13},
number = {4},
issn = {1542-7390},
url = {http://dx.doi.org/10.1002/2015SW001169},
doi = {10.1002/2015SW001169},
pages = {202--210},
keywords = {Space weather, Impacts on humans, Impacts on technological systems, Policy, space weather forecasting, aviation radiation},
year = {2015},
note = {2015SW001169},
}

@inproceedings{dsilva2015neutron,
  title={Neutron SEE Testing of the 65nm SmartFusion2 Flash-Based FPGA},
  author={Dsilva, Durwyn and Wang, Jih-Jong and Rezzak, Nadia and Jat, Narayan},
  booktitle={Radiation Effects Data Workshop (REDW), 2015 IEEE},
  pages={1--5},
  year={2015},
  organization={IEEE}
}

@phdthesis {souari2016strategies,
  title = {Stratégies facilitant les tests en pré-certification pour la robustesse à l’égard des radiations
},
  author = {Souari, Anis},
  year = {2016},
  school = {ETS, Ecole de Technologie Superieure}
}
@article{SWE20216,
author = {Tobiska, W. Kent and Atwell, William and Beck, Peter and Benton, Eric and Copeland, Kyle and Dyer, Clive and Gersey, Brad and Getley, Ian and Hands, Alex and Holland, Michael and Hong, Sunhak and Hwang, Junga and Jones, Bryn and Malone, Kathleen and Meier, Matthias M. and Mertens, Chris and Phillips, Tony and Ryden, Keith and Schwadron, Nathan and Wender, Stephen A. and Wilkins, Richard and Xapsos, Michael A.},
title = {Advances in Atmospheric Radiation Measurements and Modeling Needed to Improve Air Safety},
journal = {Space Weather},
volume = {13},
number = {4},
issn = {1542-7390},
url = {http://dx.doi.org/10.1002/2015SW001169},
doi = {10.1002/2015SW001169},
pages = {202--210},
keywords = {Space weather, Impacts on humans, Impacts on technological systems, Policy, space weather forecasting, aviation radiation},
year = {2015},
note = {2015SW001169},
}

@inproceedings{maillard2015neutron,
  title={Neutron, 64 MeV proton, thermal neutron and alpha single-event upset characterization of Xilinx 20nm UltraScale Kintex FPGA},
  author={Maillard, Pierre and Hart, Michael and Barton, Jeff and Jain, Praful and Karp, James},
  booktitle={Radiation Effects Data Workshop (REDW), 2015 IEEE},
  pages={1--5},
  year={2015},
  organization={IEEE}
}


@article{sterpone2006new,
  title={A new reliability-oriented place and route algorithm for SRAM-based FPGAs},
  author={Sterpone, Luca and Violante, Massimo},
  journal={IEEE Transactions on Computers},
  volume={55},
  number={6},
  pages={732--744},
  year={2006},
  publisher={IEEE}
}


@inproceedings{hobeika2014multi,
  title={Multi-abstraction level signature generation and comparison based on radiation single event upset},
  author={Hobeika, Christelle and Pichette, Simon and Leonard, MA and Thibeault, Claude and Boland, Jean-Fran{\c{c}}ois and Audet, Yves},
  booktitle={On-Line Testing Symposium (IOLTS), 2014 IEEE 20th International},
  pages={212--215},
  year={2014},
  organization={IEEE}
}



@article{quinn2015using,
  title={Using benchmarks for radiation testing of microprocessors and FPGAs},
  author={Quinn, Heather and Robinson, William H and Rech, Paolo and Aguirre, Miguel and Barnard, Arno and Desogus, Marco and Entrena, Luis and Garcia-Valderas, Mario and Guertin, Steven M and Kaeli, David and others},
  journal={IEEE Transactions on Nuclear Science},
  volume={62},
  number={6},
  pages={2547--2554},
  year={2015},
  publisher={IEEE}
}


@inproceedings{souari2015optimization,
  title={Optimization of SEU emulation on SRAM FPGAs based on sensitiveness analysis},
  author={Souari, Anis and Thibeault, Claude and Blaqui{\`e}re, Yves and Velazco, Raoul},
  booktitle={On-Line Testing Symposium (IOLTS), 2015 IEEE 21st International},
  pages={36--39},
  year={2015},
  organization={IEEE}
}





%%%%%%%%%%%%%%%%%%%%%%%%%%%%%%%%%%%%%%%%%%%%%%%%%%%%%%%%%%%%%%%%%%%%%%%%%%%%%%%%%%%%%%%%%%%%%%%%%%%%


%%%%%%%%%%%%%%%%%%%%%%%%%%%%%%%%%%%%%%%%%%%%%%%%%%%%%%%%%%%%%%%%%%%%%%%%%%%%%%%%%%%%%%%%%%%%%%%%%%%









@article{souari2016towards,
  title={Towards an efficient SEU effects emulation on SRAM-based FPGAs},
  author={Souari, Anis and Thibeault, Claude and Blaqui{\`e}re, Yves and Velazco, Raoul},
  journal={Microelectronics Reliability},
  volume={66},
  pages={173--182},
  year={2016},
  publisher={Elsevier}
}







@article{thibeault2013library,
  title={A library-based early soft error sensitivity analysis technique for SRAM-based FPGA design},
  author={Thibeault, Claude and Hariri, Yassine and Hasan, Syed Rafay and Hobeika, Christelle and Savaria, Yvon and Audet, Yves and Tazi, Fatima Zahra},
  journal={Journal of Electronic Testing},
  volume={29},
  number={4},
  pages={457--471},
  year={2013},
  publisher={Springer}
}



@book{Petersen2011,
author = {Petersen, E},
isbn = {9780470767498},
title = {{Single event effects in aerospace}},
year = {2011}
}

@book{manuzzato2010single,
  title={Single Event Effects on FPGAs},
  author={Manuzzato, A. and Universit{\`a} degli studi di Padova. Dipartimento di ingegneria dell'informazione},
  url={https://books.google.ca/books?id=2RKTAQAACAAJ},
  year={2010}
}



















%%%%%%%%%%%%%%%%%%%%%%%%%%%%%%%%%%%%%%%%%%%%%%%%%%%%%%%%%%%%%%%%%%%%%%%%%%%%%%%%%%%%%%
%%%%%%%%%%%%%%%%%%%%%%%%%%%%%%%%%%%%%%%%%%%%%%%%%%%%%%%%%%%%%%%%%%%%%%%%%%%%%%%%%%%%%%%%%
%%%%%%%%%%%%%%%%%%%%%%%%%%%%%%%%%%%%%%%%%%%%%%%%%%%%%%%%%%%%%%%%%%%%%%%%%%%%%%%%%%%%%%
%%%%%%%%%%%%%%%%%%%%%%%%%%%%%%%%%%%%%%%%%%%%%%%%%%%%%%%%%%%%%%%%%%%%%%%%%%%%%%%%%%%%%%%%%

@article{normand1998extensions,
  title={Extensions of the burst generation rate method for wider application to proton/neutron-induced single event effects},
  author={Normand, Eugene},
  journal={IEEE Transactions on Nuclear Science},
  volume={45},
  number={6},
  pages={2904--2914},
  year={1998},
  publisher={IEEE}
}

@article{baumann2005radiation,
  title={Radiation-induced soft errors in advanced semiconductor technologies},
  author={Baumann, Robert C},
  journal={IEEE Transactions on Device and materials reliability},
  volume={5},
  number={3},
  pages={305--316},
  year={2005},
  publisher={IEEE}
}

@inproceedings{diubaldo2000nasa,
  title={NASA earth observing system mission operations center development using COTS products},
  author={DiUbaldo, John A},
  booktitle={Aerospace Conference Proceedings, 2000 IEEE},
  volume={2},
  pages={243--247},
  year={2000},
  organization={IEEE}
}

@inproceedings{kastensmidt2005optimal,
  title={On the optimal design of triple modular redundancy logic for SRAM-based FPGAs},
  author={Kastensmidt, F Lima and Sterpone, Luca and Carro, Luigi and Reorda, M Sonza},
  booktitle={Proceedings of the conference on Design, Automation and Test in Europe-Volume 2},
  pages={1290--1295},
  year={2005},
  organization={IEEE Computer Society}
}



@article{lesea2005rosetta,
  title={The rosetta experiment: atmospheric soft error rate testing in differing technology FPGAs},
  author={Lesea, Austin and Drimer, Saar and Fabula, Joseph J and Carmichael, Carl and Alfke, Peter},
  journal={IEEE Transactions on Device and Materials Reliability},
  volume={5},
  number={3},
  pages={317--328},
  year={2005},
  publisher={IEEE},
}


@book{hauck2010reconfigurable,
  title={Reconfigurable computing: the theory and practice of FPGA-based computation},
  author={Hauck, Scott and DeHon, Andre},
  volume={1},
  year={2010},
  publisher={Morgan Kaufmann}
}


@article{quinn2015validation,
  title={Validation techniques for fault emulation of SRAM-based FPGAs},
  author={Quinn, Heather and Wirthlin, Michael},
  journal={IEEE Transactions on Nuclear Science},
  volume={62},
  number={4},
  pages={1487--1500},
  year={2015},
  publisher={IEEE}
}


@article{violante2004simulation,
  title={Simulation-based analysis of SEU effects in SRAM-based FPGAs},
  author={Violante, Massimo and Sterpone, Luca and Ceschia, M and Bortolato, D and Bernardi, Paolo and Reorda, M Sonza and Paccagnella, A},
  journal={IEEE Transactions on Nuclear science},
  volume={51},
  number={6},
  pages={3354--3359},
  year={2004},
  publisher={IEEE}
}



@inproceedings{robache2013methodology,
  title={A methodology for system-level fault injection based on gate-level faulty behavior},
  author={Robache, R and Boland, J-F and Thibeault, Claude and Savaria, Yvon},
  booktitle={New Circuits and Systems Conference (NEWCAS), 2013 IEEE 11th International},
  pages={1--4},
  year={2013},
  organization={IEEE}
}



@article{hobeika2013flight,
  title={Flight control fault models based on SEU emulation},
  author={Hobeika, Christelle and Pichette, Simon and Ghodbane, Azeddine and Thibeault, Claude and Audet, Yves and Boland, Jean-Fran{\c{c}}ois and Saad, Maarouf},
  journal={SAE International Journal of Aerospace},
  volume={6},
  number={2013-01-2246},
  pages={643--649},
  year={2013}
}




@article{ziegler1996ibm,
  title={IBM experiments in soft fails in computer electronics (1978--1994)},
  author={Ziegler, James F and Curtis, Huntington W and Muhlfeld, Hans P and Montrose, Charles J and Chin, B and Nicewicz, Michael and Russell, CA and Wang, Wen Y and Freeman, Leo B and Hosier, P and others},
  journal={IBM journal of research and development},
  volume={40},
  number={1},
  pages={3--18},
  year={1996},
  publisher={IBM}
}



@inproceedings{leray2004atmospheric,
  title={Atmospheric neutron effects in advanced microelectronics, standards and applications},
  author={Leray, J-L and Baggio, Jacques and Ferlet-Cavrois, V{\'e}ronique and Flament, Olivier},
  booktitle={Integrated Circuit Design and Technology, 2004. ICICDT'04. International Conference on},
  pages={311--321},
  year={2004},
  organization={IEEE}
}


@Inbook{Boudenot2007,
author="Boudenot, Jean-Claude",
editor="VELAZCO, RAOUL
and FOUILLAT, PASCAL
and REIS, RICARDO",
title="Radiation Space Environment",
bookTitle="Radiation Effects on Embedded Systems",
year="2007",
publisher="Springer Netherlands",
address="Dordrecht",
pages="1--9",
abstract="Radiation belts, solar flares and cosmic rays are at the origin of the space radioactive environment. Electrons and protons of the radiation belts as well as protons from the Sun coronal mass ejection lead to total dose effects on electronic devices. Cosmic rays and heavy ions solar flares are responsible for heavy ions effects. In the first part of this paper, we will review these radiation effects. In the second part of this paper, we will address the effects of the atomic oxygen which can affect LEO satellites, the effects of solar U.V, as well as the micrometeoroid effects and finally the man made space debris.",
isbn="978-1-4020-5646-8",
doi="10.1007/978-1-4020-5646-8_1",
url="https://doi.org/10.1007/978-1-4020-5646-8_1"
}






@article{normand1996single,
  title={Single-event effects in avionics},
  author={Normand, Eugene},
  journal={IEEE Transactions on nuclear science},
  volume={43},
  number={2},
  pages={461--474},
  year={1996},
  publisher={IEEE}
}

@techreport{taber1995investigation,
  title={Investigation and Characterization of SEU Effects and Hardening Strategies in Avionics.},
  author={Taber, Allen H and Normand, Eugene},
  year={1995},
  institution={BOEING DEFENSE AND SPACE GROUP SEATTLE WA}
}

@article{taber1993single,
  title={Single event upset in avionics},
  author={Taber, A and Normand, Eugene},
  journal={IEEE Transactions on Nuclear Science},
  volume={40},
  number={2},
  pages={120--126},
  year={1993},
  publisher={IEEE}
}



@article{normand2004single,
  title={Single event effects in avionics and on the ground},
  author={Normand},
  journal={International journal of high speed electronics and systems},
  volume={14},
  number={02},
  pages={285--298},
  year={2004},
  publisher={World Scientific}
}



@article{bagshaw2008cosmic,
  title={Cosmic radiation in commercial aviation},
  author={Bagshaw, Michael},
  journal={Travel medicine and infectious disease},
  volume={6},
  number={3},
  pages={125--127},
  year={2008},
  publisher={Elsevier}
}








@article{may1979alpha,
  title={Alpha-particle-induced soft errors in dynamic memories},
  author={May, Timothy C and Woods, Murray H},
  journal={IEEE Transactions on Electron Devices},
  volume={26},
  number={1},
  pages={2--9},
  year={1979},
  publisher={IEEE}
}


@article{cronin1999cosmic,
  title={Cosmic rays: the most energetic particles in the universe},
  author={Cronin, James W},
  journal={Reviews of Modern Physics},
  volume={71},
  number={2},
  pages={S165},
  year={1999},
  publisher={APS}
}

@article{barth2003space,
  title={Space, atmospheric, and terrestrial radiation environments},
  author={Barth, Janet L and Dyer, CS and Stassinopoulos, EG},
  journal={IEEE Transactions on Nuclear Science},
  volume={50},
  number={3},
  pages={466--482},
  year={2003},
  publisher={IEEE}
}




@MISC{wikisun,   
title = {Available: http://https://en.wikipedia.org/wiki/Sun},  
author ={Wiki}, 
year = {accessed 2017},   
}





@MISC{nasa,   
title = {Available: https://www.nasa.gov/content/goddard/monitoring-solar-activity-with-sdo},  
author ={NASA}, 
year = {accessed 2017},   
}

 








@article{jedec2006measurement,
  title={Measurement and Reporting of Alpha Particles and Terrestrial Cosmic Ray-Induced Soft Errors in Semiconductor Devices: JESD89A},
  author={JEDEC, J},
  journal={JEDEC STANDARD, JEDEC Sold State Technology Association},
  volume={89},
  pages={1--85},
  year={2006}
}


















