



@MISC{xilinnseu,   
title = {Available: https://www.xilinx.com/xapp1073/},  
author ={Xilinx}, 
year = {accessed 2017},   
}

@techreport{taber1995investigation,
  title={Investigation and Characterization of SEU Effects and Hardening Strategies in Avionics.},
  author={Taber, Allen H and Normand, Eugene},
  year={1995},
  institution={BOEING DEFENSE AND SPACE GROUP SEATTLE WA}
}



@article{SWE2016,
author = {Tobiska, W. Kent and Atwell, William and Beck, Peter and Benton, Eric and Copeland, Kyle and Dyer, Clive and Gersey, Brad and Getley, Ian and Hands, Alex and Holland, Michael and Hong, Sunhak and Hwang, Junga and Jones, Bryn and Malone, Kathleen and Meier, Matthias M. and Mertens, Chris and Phillips, Tony and Ryden, Keith and Schwadron, Nathan and Wender, Stephen A. and Wilkins, Richard and Xapsos, Michael A.},
title = {Advances in Atmospheric Radiation Measurements and Modeling Needed to Improve Air Safety},
journal = {Space Weather},
volume = {13},
number = {4},
issn = {1542-7390},
url = {http://dx.doi.org/10.1002/2015SW001169},
doi = {10.1002/2015SW001169},
pages = {202--210},
keywords = {Space weather, Impacts on humans, Impacts on technological systems, Policy, space weather forecasting, aviation radiation},
year = {2015},
note = {2015SW001169},
}


@article{ziegler1996ibm,
  title={IBM experiments in soft fails in computer electronics (1978--1994)},
  author={Ziegler, James F and Curtis, Huntington W and Muhlfeld, Hans P and Montrose, Charles J and Chin, B and Nicewicz, Michael and Russell, CA and Wang, Wen Y and Freeman, Leo B and Hosier, P and others},
  journal={IBM journal of research and development},
  volume={40},
  number={1},
  pages={3--18},
  year={1996},
  publisher={IBM}
}


@inproceedings{hobeika2014multi,
  title={Multi-abstraction level signature generation and comparison based on radiation single event upset},
  author={Hobeika, Christelle and Pichette, Simon and Leonard, MA and Thibeault, Claude and Boland, Jean-Fran{\c{c}}ois and Audet, Yves},
  booktitle={On-Line Testing Symposium (IOLTS), 2014 IEEE 20th International},
  pages={212--215},
  year={2014},
  organization={IEEE}
}





@article{souari2016towards,
  title={Towards an efficient SEU effects emulation on SRAM-based FPGAs},
  author={Souari, Anis and Thibeault, Claude and Blaqui{\`e}re, Yves and Velazco, Raoul},
  journal={Microelectronics Reliability},
  volume={66},
  pages={173--182},
  year={2016},
  publisher={Elsevier}
}




@inproceedings{di2014fault,
  title={A fault injection methodology and infrastructure for fast single event upsets emulation on Xilinx SRAM-based FPGAs},
  author={DiCarlo, Stefano and Prinetto, Paolo and Rolfo, Daniele and Trotta, Pascal},
  booktitle={Defect and Fault Tolerance in VLSI and Nanotechnology Systems (DFT), 2014 IEEE International Symposium on},
  pages={159--164},
  year={2014},
  organization={IEEE}}


@article{violante2004simulation,
  title={Simulation-based analysis of SEU effects in SRAM-based FPGAs},
  author={Violante, Massimo and Sterpone, Luca and Ceschia, M and Bortolato, D and Bernardi, Paolo and Reorda, M Sonza and Paccagnella, A},
  journal={IEEE Transactions on Nuclear science},
  volume={51},
  number={6},
  pages={3354--3359},
  year={2004},
  publisher={IEEE}
}





@inproceedings{dsilva2015neutron,
  title={Neutron SEE Testing of the 65nm SmartFusion2 Flash-Based FPGA},
  author={Dsilva, Durwyn and Wang, Jih-Jong and Rezzak, Nadia and Jat, Narayan},
  booktitle={Radiation Effects Data Workshop (REDW), 2015 IEEE},
  pages={1--5},
  year={2015},
  organization={IEEE}
}




@Inbook{Svenningsson2010,
author="Svenningsson, Rickard
and Vinter, Jonny
and Eriksson, Henrik
and T{\"o}rngren, Martin",
title="MODIFI: A MODel-Implemented Fault Injection Tool",
bookTitle="Computer Safety, Reliability, and Security: 29th International Conference, SAFECOMP 2010, Vienna, Austria, September 14-17, 2010. Proceedings",
year="2010",
publisher="Springer Berlin Heidelberg",
address="Berlin, Heidelberg",
pages="210--222",

}

@inproceedings{hayne1999behavioral,
  title={Behavioral fault modeling in a VHDL synthesis environment},
  author={Hayne, Ronald J and Johnson, Barry W},
  booktitle={VLSI Test Symposium, 1999. Proceedings. 17th IEEE},
  pages={333--340},
  year={1999},
  organization={IEEE}
}



@phdthesis{mirzadeh2014modeling,
  title={Modeling the faulty behaviour of digital designs using a feed forward neural network based approach},
  author={Mirzadeh, Zeynab},
  year={2014},
  school={{\'E}cole de technologie sup{\'e}rieure}
}


@inproceedings{janschek2017errorsim,
  title={ErrorSim: A Tool for Error Propagation Analysis of Simulink Models},
  author={Janschek, Klaus},
  booktitle={Computer Safety, Reliability, and Security: 36th International Conference, SAFECOMP 2017, Trento, Italy, September 13-15, 2017, Proceedings},
  volume={10488},
  pages={245},
  year={2017},
  organization={Springer}
}




@article{hobeika2013flight,
  title={Flight control fault models based on SEU emulation},
  author={Hobeika, Christelle and Pichette, Simon and Ghodbane, Azeddine and Thibeault, Claude and Audet, Yves and Boland, Jean-Fran{\c{c}}ois and Saad, Maarouf},
  journal={SAE International Journal of Aerospace},
  volume={6},
  number={2013-01-2246},
  pages={643--649},
  year={2013}
}




@MISC{MOGENTES,   
title = {Available:https://www.mogentes.eu/public/deliverables/},  
author ={Georg}, 
year = {accessed 2017},   
}


@inproceedings{chen2017fault,
  title={A fault propagation modeling method based on a finite state machine},
  author={Chen, Xi and Jiao, Jian},
  booktitle={Reliability and Maintainability Symposium (RAMS), 2017 Annual},
  pages={1--7},
  year={2017},
  organization={IEEE}
}


@article{thibeault2013library,
  title={A library-based early soft error sensitivity analysis technique for SRAM-based FPGA design},
  author={Thibeault, Claude and Hariri, Yassine and Hasan, Syed Rafay and Hobeika, Christelle and Savaria, Yvon and Audet, Yves and Tazi, Fatima Zahra},
  journal={Journal of Electronic Testing},
  volume={29},
  number={4},
  pages={457--471},
  year={2013},
  publisher={Springer}
}




@inproceedings{ubar2014modeling,
  title={Modeling sequential circuits with shared structurally synthesized BDDs},
  author={Ubar, Raimund and Marenkov, Mihhail and Mironov, Dmitri and Viies, Vladimir},
  booktitle={Design \& Test Symposium (IDT), 2014 9th International},
  pages={130--135},
  year={2014},
  organization={IEEE}
}



@phdthesis{shazli2011high,
  title={High level modeling and mitigation of transient errors in nano-scale systems},
  author={Shazli, Syed Zafar},
  year={2011},
  school={Northeastern University}
}

@inproceedings{miskov2007soft,
  title={Soft error rate analysis for sequential circuits},
  author={Miskov-Zivanov, Natasa and Marculescu, Diana},
  booktitle={Proceedings of the conference on Design, automation and test in Europe},
  pages={1436--1441},
  year={2007},
  organization={EDA Consortium}
}


@inproceedings{miskov2006mars,
  title={MARS-C: modeling and reduction of soft errors in combinational circuits},
  author={Miskov-Zivanov, Natasa and Marculescu, Diana},
  booktitle={Proceedings of the 43rd annual Design Automation Conference},
  pages={767--772},
  year={2006},
  organization={ACM}
}

@inproceedings{robache2013methodology,
  title={A methodology for system-level fault injection based on gate-level faulty behavior},
  author={Robache, R and Boland, J-F and Thibeault, Claude and Savaria, Yvon},
  booktitle={New Circuits and Systems Conference (NEWCAS), 2013 IEEE 11th International},
  pages={1--4},
  year={2013},
  organization={IEEE}
}

